@article{Cropper/IGGP,
  author    = {Andrew Cropper and
               Richard Evans and
               Mark Law},
  title     = {Inductive general game playing},
  journal   = {CoRR},
  volume    = {abs/1906.09627},
  year      = {2019},
  url       = {http://arxiv.org/abs/1906.09627},
  archivePrefix = {arXiv},
  eprint    = {1906.09627},
  timestamp = {Thu, 27 Jun 2019 18:54:51 +0200},
  biburl    = {https://dblp.org/rec/bib/journals/corr/abs-1906-09627},
  bibsource = {dblp computer science bibliography, https://dblp.org}
}

@article{Cropper/EfficientLearning,
  author    = {Andrew Cropper and
               Stephen H. Muggleton},
  title     = {Learning efficient logic programs},
  journal   = {Machine Learning},
  volume    = {108},
  number    = {7},
  pages     = {1063--1083},
  year      = {2019},
  url       = {https://doi.org/10.1007/s10994-018-5712-6},
  doi       = {10.1007/s10994-018-5712-6},
  timestamp = {Tue, 20 Aug 2019 15:26:05 +0200},
  biburl    = {https://dblp.org/rec/bib/journals/ml/CropperM19},
  bibsource = {dblp computer science bibliography, https://dblp.org}
}



@article{Muggleton/ILP,
  author    = {Stephen Muggleton},
  title     = {Inductive Logic Programming},
  journal   = {New Generation Comput.},
  volume    = {8},
  number    = {4},
  pages     = {295--318},
  year      = {1991},
  url       = {https://doi.org/10.1007/BF03037089},
  doi       = {10.1007/BF03037089},
  timestamp = {Wed, 14 Nov 2018 10:24:10 +0100},
  biburl    = {https://dblp.org/rec/bib/journals/ngc/Muggleton91},
  bibsource = {dblp computer science bibliography, https://dblp.org}
}



@book{Bratko,
  author    = {Ivan Bratko},
  title     = {Prolog Programming for Artificial Intelligence, 4th Edition},
  publisher = {Addison-Wesley},
  year      = {2012},
  isbn      = {978-0-3214-1746-6},
  timestamp = {Tue, 26 Sep 2017 14:33:47 +0200},
  biburl    = {https://dblp.org/rec/bib/books/daglib/0041598},
  bibsource = {dblp computer science bibliography, https://dblp.org}
}

@misc{GGP-Website,
  title		= {GDL website},
  url		= {http://ggp.stanford.edu/iggpc/}
}



@misc{GDL_Spec,
  title		= {General Game Playing: Game Description Language Specification},
  author	= {Nathaniel Love, Timothy Hinrichs, David Haley, Eric Schkufza, Michael Genesereth},
  year = {2006}
}

@techreport{PrologISO,
 author = {ISO/IEC},
 institution = {International Organization for Standardization},
 address = {Geneva, Switzerland},
 title = {Information technology — Programming languages — Prolog — Part 1: General core},
 number = {13211-1:1995},
 type = {ISO},
 year = {1995}
 } 



@article{Kenneth,
  author    = {Kenneth A. Ross},
  title     = {Modular Stratification and Magic Sets for Datalog Programs with Negation},
  journal   = {J. {ACM}},
  volume    = {41},
  number    = {6},
  pages     = {1216--1266},
  year      = {1994},
  url       = {https://doi.org/10.1145/195613.195646},
  doi       = {10.1145/195613.195646},
  timestamp = {Tue, 06 Nov 2018 12:51:45 +0100},
  biburl    = {https://dblp.org/rec/bib/journals/jacm/Ross94},
  bibsource = {dblp computer science bibliography, https://dblp.org}
}

@article{Genesereth/GGPOverview,
  author    = {Michael R. Genesereth and
               Nathaniel Love and
               Barney Pell},
  title     = {General Game Playing: Overview of the {AAAI} Competition},
  journal   = {{AI} Magazine},
  volume    = {26},
  number    = {2},
  pages     = {62--72},
  year      = {2005},
  url       = {http://www.aaai.org/ojs/index.php/aimagazine/article/view/1813},
  timestamp = {Wed, 29 Dec 2010 17:08:53 +0100},
  biburl    = {https://dblp.org/rec/bib/journals/aim/GeneserethLP05},
  bibsource = {dblp computer science bibliography, https://dblp.org}
}

@article{Ben-David/DifferentDomains,
  author    = {Shai Ben{-}David and
               John Blitzer and
               Koby Crammer and
               Alex Kulesza and
               Fernando Pereira and
               Jennifer Wortman Vaughan},
  title     = {A theory of learning from different domains},
  journal   = {Machine Learning},
  volume    = {79},
  number    = {1-2},
  pages     = {151--175},
  year      = {2010},
  url       = {https://doi.org/10.1007/s10994-009-5152-4},
  doi       = {10.1007/s10994-009-5152-4},
  timestamp = {Sun, 02 Jun 2019 20:51:04 +0200},
  biburl    = {https://dblp.org/rec/bib/journals/ml/Ben-DavidBCKPV10},
  bibsource = {dblp computer science bibliography, https://dblp.org}
}

@article{Gonzalez/MismatchedOutperform,
  author    = {Carlos R. Gonz{\'{a}}lez and
               Yaser S. Abu{-}Mostafa},
  title     = {Mismatched Training and Test Distributions Can Outperform Matched
               Ones},
  journal   = {Neural Computation},
  volume    = {27},
  number    = {2},
  pages     = {365--387},
  year      = {2015},
  url       = {https://doi.org/10.1162/NECO\_a\_00697},
  doi       = {10.1162/NECO\_a\_00697},
  timestamp = {Wed, 14 Nov 2018 10:31:13 +0100},
  biburl    = {https://dblp.org/rec/bib/journals/neco/GonzalezA15},
  bibsource = {dblp computer science bibliography, https://dblp.org}
}

@book{Mitchell/MachineLearing,
  author    = {Tom M. Mitchell},
  title     = {Machine learning, International Edition},
  series    = {McGraw-Hill Series in Computer Science},
  publisher = {McGraw-Hill},
  year      = {1997},
  url       = {http://www.worldcat.org/oclc/61321007},
  isbn      = {0071154671},
  timestamp = {Wed, 26 Apr 2017 17:48:08 +0200},
  biburl    = {https://dblp.org/rec/bib/books/lib/Mitchell97},
  bibsource = {dblp computer science bibliography, https://dblp.org}
}

@inproceedings{Chaslot/MCTS,
  author    = {Guillaume Chaslot and
               Sander Bakkes and
               Istvan Szita and
               Pieter Spronck},
  title     = {Monte-Carlo Tree Search: {A} New Framework for Game {AI}},
  booktitle = {Proceedings of the Fourth Artificial Intelligence and Interactive
               Digital Entertainment Conference, October 22-24, 2008, Stanford, California,
               {USA}},
  year      = {2008},
  crossref  = {DBLP:conf/aiide/2008},
  url       = {http://www.aaai.org/Library/AIIDE/2008/aiide08-036.php},
  timestamp = {Wed, 12 Dec 2012 16:45:08 +0100},
  biburl    = {https://dblp.org/rec/conf/aiide/ChaslotBSS08.bib},
  bibsource = {dblp computer science bibliography, https://dblp.org}
}



@article{Silver/MCTS,
  author    = {David Silver and
               Aja Huang and
               Chris J. Maddison and
               Arthur Guez and
               Laurent Sifre and
               George van den Driessche and
               Julian Schrittwieser and
               Ioannis Antonoglou and
               Vedavyas Panneershelvam and
               Marc Lanctot and
               Sander Dieleman and
               Dominik Grewe and
               John Nham and
               Nal Kalchbrenner and
               Ilya Sutskever and
               Timothy P. Lillicrap and
               Madeleine Leach and
               Koray Kavukcuoglu and
               Thore Graepel and
               Demis Hassabis},
  title     = {Mastering the game of Go with deep neural networks and tree search},
  journal   = {Nature},
  volume    = {529},
  number    = {7587},
  pages     = {484--489},
  year      = {2016},
  url       = {https://doi.org/10.1038/nature16961},
  doi       = {10.1038/nature16961},
  timestamp = {Wed, 14 Nov 2018 10:30:42 +0100},
  biburl    = {https://dblp.org/rec/journals/nature/SilverHMGSDSAPL16.bib},
  bibsource = {dblp computer science bibliography, https://dblp.org}
}


@inproceedings{Kocsis/UCT,
  author    = {Levente Kocsis and
               Csaba Szepesv{\'{a}}ri},
  title     = {Bandit Based Monte-Carlo Planning},
  booktitle = {Machine Learning: {ECML} 2006, 17th European Conference on Machine
               Learning, Berlin, Germany, September 18-22, 2006, Proceedings},
  pages     = {282--293},
  year      = {2006},
  crossref  = {DBLP:conf/ecml/2006},
  url       = {https://doi.org/10.1007/11871842\_29},
  doi       = {10.1007/11871842\_29},
  timestamp = {Tue, 14 May 2019 10:00:54 +0200},
  biburl    = {https://dblp.org/rec/conf/ecml/KocsisS06.bib},
  bibsource = {dblp computer science bibliography, https://dblp.org}
}



